@misc{amorfous-si,
  author = {パナソニック エコソリューションズ アモルトン株式会社},
  url    = {https://docs.rs-online.com/9c45/0900766b813ad6db.pdf},
  title  = {アモルファスSi太陽電池 アモルファス光電池},
  year   = {2014}
}

@article{evaluation-photo,
  author = {Youichi, H. and Tatsuo, T.},
  title  = {Evaluation of Photovoltaic Modules Considered Spectral Solar Radiation},
  year   = {1993}
}

@misc{Kossy_2024,
  title   = {オペアンプとは？反転増幅回路・非反転増幅回路などの原理を解説【電子回路】 - 大学の知識で学ぶ電気電子工学},
  url     = {https://daigakudenki.com/operational-amplifier/},
  journal = {大学の知識で学ぶ電気電子工学 - 電気回路などの解説サイト},
  author  = {Kossy},
  year    = {2024},
  month   = {Feb}
}

@misc{renesas,
  title  = {オペアンプ、コンパレータ},
  author = {Renesas},
  url    = {https://www.renesas.com/jp/ja/support/engineer-school/electronic-circuits-03-op-amps-comparator-circuit},
  year   = {},
  note   = {[Accessed 29-06-2024]}
}

@misc{spectra,
  author = {Nomoto, T.},
  url    = {http://t.nomoto.org/spectra/000198.html},
  title  = {照明とディスプレイ},
  year   = {2004}
}
